<record xmlns="http://www.loc.gov/MARC21/slim" xmlns:xsi="http://www.w3.org/2001/XMLSchema-instance" xsi:schemaLocation="http://www.loc.gov/MARC21/slim http://www.loc.gov/standards/marcxml/schema/MARC21slim.xsd">

  <leader>00810nam a2200217Ia 4500</leader>
  <datafield tag="999" ind2=" " ind1=" ">
    <subfield code="c">2085</subfield>
    <subfield code="d">2085</subfield>
  </datafield>
  <controlfield tag="008">180828b1986    cr ||||| |||| 00| | spa d</controlfield>
  <datafield ind2=" " tag="090" ind1=" ">
    <subfield code="a">13.09.09 </subfield>
    <subfield code="b">135</subfield>
  </datafield>
  <datafield ind1=" " ind2=" " tag="100">
    <subfield code="a">Méndez Barrantes, Zayra</subfield>
    <subfield code="9">2957</subfield>
  </datafield>
  <datafield ind1="1" ind2="0" tag="245">
    <subfield code="a">Algunos elementos estadísticos de los que pueden servirse los maestros / </subfield>
    <subfield code="c">Zayra Méndez Barrantes, Aida María Mainieri Hidalgo</subfield>
  </datafield>
  <datafield ind1=" " ind2=" " tag="260">
    <subfield code="a">San José, Costa Rica : </subfield>
    <subfield code="b">IIMEC. </subfield>
    <subfield code="c">1986</subfield>
  </datafield>
  <datafield ind1=" " tag="300" ind2=" ">
    <subfield code="a">6 páginas</subfield>
  </datafield>
  <datafield ind1=" " ind2=" " tag="500">
    <subfield code="a">Proyecto de Extensión. Aprendizaje constructivo y autorrealización del educador en la escuela</subfield>
  </datafield>
  <datafield ind1="1" ind2="4" tag="650">
    <subfield code="a">DOCENTES</subfield>
    <subfield code="9">331</subfield>
  </datafield>
  <datafield ind2="4" tag="650" ind1="1">
    <subfield code="a">APRENDIZAJE </subfield>
    <subfield code="9">387</subfield>
  </datafield>
  <datafield ind2="4" tag="650" ind1="1">
    <subfield code="a">MATEMÁTICAS  </subfield>
    <subfield code="9">482</subfield>
  </datafield>
  <datafield ind1="1" ind2="4" tag="650">
    <subfield code="a">MÉTODOS PEDAGÓGICOS</subfield>
    <subfield code="9">824</subfield>
  </datafield>
  <datafield ind1="1" ind2="4" tag="650">
    <subfield code="a">NIÑOS</subfield>
    <subfield code="9">59</subfield>
  </datafield>
  <datafield tag="650" ind2="4" ind1="1">
    <subfield code="a">EDUCACIÓN PRIMARIA</subfield>
    <subfield code="9">367</subfield>
  </datafield>
  <datafield tag="700" ind2=" " ind1=" ">
    <subfield code="a">Mainieri Hidalgo, Aida María</subfield>
    <subfield code="9">3534</subfield>
  </datafield>
  <datafield ind2=" " tag="942" ind1=" ">
    <subfield code="2">z</subfield>
    <subfield code="c">04</subfield>
  </datafield>
</record>